<record><leader>00000cas a2200000 a 4500</leader><controlfield tag="001">34176219</controlfield><controlfield tag="008">960212d19101973fluwr ne      0    0eng c</controlfield><datafield ind1=" " ind2=" " tag="010"><subfield code="a">sn 96027123 </subfield></datafield><datafield ind1=" " ind2=" " tag="040"><subfield code="a">FUG</subfield><subfield code="b">eng</subfield><subfield code="c">FUG</subfield><subfield code="d">OCLCQ</subfield><subfield code="d">OCLCF</subfield><subfield code="d">OCLCO</subfield></datafield><datafield ind1=" " ind2=" " tag="012"><subfield code="i">9602</subfield></datafield><datafield ind1="1" ind2=" " tag="029"><subfield code="a">AU@</subfield><subfield code="b">000013334091</subfield></datafield><datafield ind1=" " ind2=" " tag="042"><subfield code="a">pcc</subfield></datafield><datafield ind1=" " ind2=" " tag="043"><subfield code="a">n-us-fl</subfield></datafield><datafield ind1="0" ind2=" " tag="130"><subfield code="a">Tarpon Springs leader (Tarpon Springs, Fla. : 1910)</subfield></datafield><datafield ind1="1" ind2="4" tag="245"><subfield code="a">The Tarpon Springs leader.</subfield></datafield><datafield ind1="1" ind2=" " tag="246"><subfield code="i">Section B during &lt;1973&gt; sometimes called:</subfield><subfield code="a">Holiday leader</subfield></datafield><datafield ind1="1" ind2="7" tag="246"><subfield code="a">Evening leader</subfield><subfield code="f">&lt;1915&gt;</subfield></datafield><datafield ind1="1" ind2="3" tag="246"><subfield code="a">Leader</subfield><subfield code="f">&lt;1911-1915&gt;</subfield></datafield><datafield ind1=" " ind2=" " tag="260"><subfield code="a">Tarpon Springs, Fla. :</subfield><subfield code="b">Tarpon Springs Pub. Co.,</subfield><subfield code="c">-1973.</subfield></datafield><datafield ind1=" " ind2=" " tag="300"><subfield code="a">v.</subfield></datafield><datafield ind1=" " ind2=" " tag="310"><subfield code="a">Weekly,</subfield><subfield code="b">&lt;1935&gt;-1973</subfield></datafield><datafield ind1=" " ind2=" " tag="321"><subfield code="a">Weekly,</subfield><subfield code="b">&lt;1910-1912&gt;</subfield></datafield><datafield ind1=" " ind2=" " tag="321"><subfield code="a">Triweekly,</subfield><subfield code="b">&lt;1920-1921&gt;</subfield></datafield><datafield ind1="1" ind2=" " tag="362"><subfield code="a">Began in 1910.</subfield></datafield><datafield ind1="0" ind2=" " tag="362"><subfield code="a">-v. 68, no. 26 (July 18, 1973).</subfield></datafield><datafield ind1=" " ind2=" " tag="500"><subfield code="a">Editors: G.G. Mathews, &lt;1910&gt;, Geo. N. Traux, &lt;1911&gt;</subfield></datafield><datafield ind1=" " ind2=" " tag="580"><subfield code="a">Daily ed.: Evening leader, &lt;1914-1919&gt;.</subfield></datafield><datafield ind1=" " ind2=" " tag="588"><subfield code="a">Description based on: Vol. 1, no. 37 (Sept. 30, 1910).</subfield></datafield><datafield ind1=" " ind2="0" tag="651"><subfield code="a">Tarpon Springs (Fla.)</subfield><subfield code="v">Newspapers.</subfield></datafield><datafield ind1=" " ind2="0" tag="651"><subfield code="a">Hillsborough County (Fla.)</subfield><subfield code="v">Newspapers.</subfield></datafield><datafield ind1=" " ind2="0" tag="651"><subfield code="a">Pinellas County (Fla.)</subfield><subfield code="v">Newspapers.</subfield></datafield><datafield ind1=" " ind2="7" tag="655"><subfield code="a">Newspapers.</subfield><subfield code="2">fast</subfield><subfield code="0">(OCoLC)fst01423814</subfield></datafield><datafield ind1=" " ind2="7" tag="651"><subfield code="a">Florida</subfield><subfield code="z">Hillsborough County.</subfield><subfield code="2">fast</subfield><subfield code="0">(OCoLC)fst01210214</subfield></datafield><datafield ind1=" " ind2="7" tag="651"><subfield code="a">Florida</subfield><subfield code="z">Pinellas County.</subfield><subfield code="2">fast</subfield><subfield code="0">(OCoLC)fst01209407</subfield></datafield><datafield ind1=" " ind2="7" tag="651"><subfield code="a">Florida</subfield><subfield code="z">Tarpon Springs.</subfield><subfield code="2">fast</subfield><subfield code="0">(OCoLC)fst01212919</subfield></datafield><datafield ind1=" " ind2=" " tag="752"><subfield code="a">United States</subfield><subfield code="b">Florida</subfield><subfield code="c">Pinellas</subfield><subfield code="d">Tarpon Springs.</subfield></datafield><datafield ind1=" " ind2=" " tag="752"><subfield code="a">United States</subfield><subfield code="b">Florida</subfield><subfield code="c">Hillsborough</subfield><subfield code="d">Tarpon Springs.</subfield></datafield><datafield ind1="1" ind2=" " tag="775"><subfield code="t">Evening leader</subfield><subfield code="w">(DLC)sn 96027122</subfield><subfield code="w">(OCoLC)34176218</subfield></datafield><datafield ind1="0" ind2="0" tag="785"><subfield code="t">Leader (Tarpon Springs, Fla.)</subfield><subfield code="w">(DLC)sn 96027124</subfield><subfield code="w">(OCoLC)34176220</subfield></datafield><datafield ind1=" " ind2=" " tag="850"><subfield code="a">FU</subfield></datafield></record>